%% This BibTeX bibliography file was created using BibDesk.
%% http://bibdesk.sourceforge.net/


%% Created for Lauro Cesar Araujo at 2013-08-21 10:57:09 -0300 


%% Saved with string encoding Unicode (UTF-8) 

%% REFERÊNCIA UTILIZADA %%
@book{martinselaugeni,
	title={Administração da Produção},
	author={Petrônio Garcia Martins and Fernando P. Laugeni},
	address={São Paulo, SP},
	publisher={Saraiva},
	pages={562},
	year={2005},
	edition={2ª},
}

%% REFERÊNCIA UTILIZADA %%
@book{politicaurgencias,
	title={Política nacional de atenção às urgências},
	author={Brasil},
	organization={Ministério da Saúde},
	address={Brasília},
	publisher={Ministério da Saúde},
	pages={228},
	year={2003},
	url={https://bvsms.saude.gov.br/bvs/publicacoes/politica_nac_urgencias.pdf},
	urlaccessdate={25 nov. 2020},
}

%% REFERÊNCIA UTILIZADA %%
@article{albino,
	title={Classificação de risco: Uma necessidade inadiável em um serviço de emergência de qualidade.},
	author={Rubia Maria Albino and others},
	journal={Arquivos Catarinenses de Medicina},
	address={Florianópolis,SC},
	year={2007},
	url={http://www.acm.org.br/acm/revista/pdf/artigos/523.pdf},
	urlaccessdate={21 out. 2020},
	volume={36},
    number={4},
    pages={70--75},
}

%% REFERÊNCIA UTILIZADA %%
@article{baptista,
	title={Estudo de usuários: visão global dos métodos de coleta de dados},
	author={Galvão Sofia Baptista and Murilo Bastos da Cunha},
	journal={Perspectivas em Ciência da Informação},
	address={Belo Horizonte, MG},
	year={2007},
	url={https://www.scielo.br/pdf/pci/v12n2/v12n2a11},
	urlaccessdate={22 out. 2020},
	volume={12},
    number={2},
    pages={168--184},
}

%% REFERÊNCIA UTILIZADA %%
@article{braganeto,
	title={ Atenção hospitalar: evolução histórica e tendências},
	author={F. C. Braga Neto and others},
	journal={Políticas e sistema de saúde no Brasil},
	address={Rio de Janeiro},
	publisher={Fiocruz},
	year={2012},
    pages={577--608},
}

%% REFERÊNCIA UTILIZADA %%
@manual{acolhimento,
    title={Acolhimento com classificação de risco},
    organization={Agencia Nacional de Saúde Suplementar},
    year={2012},
    url={http://www.ans.gov.br/images/stories/prestadores/E-ACE-01.pdf},
    urlaccessdate={25 nov. 2020},
}

%% REFERÊNCIA UTILIZADA %%
@manual{humanizasus,
    title={HumanizaSUS : acolhimento com avaliação e classificação de risco: um paradigma ético-estético no fazer em saúde.},
    author={Brasil},
    organization={Ministério da Saúde.},
    year={2004},
    address={Brasília,DF},
    url={http://www.saude.sp.gov.br/resources/humanizacao/biblioteca/pnh/acolhimento_com_avaliacao_e_classificacao_de_risco.pdf},
    urlaccessdate={20 out. 2020},
}

%% REFERÊNCIA UTILIZADA %%
@manual{portaria30/1977,
    title={PORTARIA Nº 30 - Bsb de 11 de fevereiro de 1977},
    author={Brasil},
    organization={Ministério da Saúde.},
    year={1997},
    address={Brasília,DF},
    url={http://bvsms.saude.gov.br/bvs/publicacoes/0117conceitos.pdf},
    urlaccessdate={20 out. 2020},
}

%% REFERÊNCIA UTILIZADA %%
@manual{manualsiasus,
    title={Manual Técnico Operacional SIA/SUS},
    author={Brasil},
    organization={Ministério da Saúde.},
    year={2010},
    address={Brasília,DF},
    url={ftp://arpoador.datasus.gov.br/siasus/Documentos/sia/MANUAL_OPERACIONAL_SIA.pdf},
    urlaccessdate={20 out. 2020},
}

%% REFERÊNCIA UTILIZADA %%
@mastersthesis{castro,
    title={Gestão Econômico-Financeira nos Hospitais Filantrópicos. Organização e Financiamento},
    author={R. M. Castro},
    year={2002},
    address={Niterói,RJ},
    school={Universidade Federal Fluminense}
}

%% REFERÊNCIA UTILIZADA %%
@book{castilho,
	title={Introduzindo java persistence API},
	author={A. S. Castilho},
	publisher={Universidade Federal de Santa Catarina},
	year={2002}
}

%% REFERÊNCIA UTILIZADA %%
@manual{conass,
	title={Ciência e Tecnologia em saúde},
	organization={CONSELHO NACIONAL DE SECRETÁRIOS DE SAÚDE},
	year={2007},
	address={Brasília},
}

%% REFERÊNCIA UTILIZADA %%
@article{cunha,
	title={Cartão Nacional de Saúde: os desafios da concepção e implantação de um sistema nacional de captura de informações de atendimento em saúde},
	author={Rosani Evangelista da Cunha},
	journal={Ciência e Saúde Coletiva},
	year={2002},
    pages={869--878},
    number={4},
    volume={7},
    url={https://www.scielo.br/pdf/csc/v7n4/14610.pdf},
    urlaccessdate={19 nov. 2020}
}

%% REFERÊNCIA UTILIZADA %%
@manual{datasus,
    title={SIA - Sistema de Informações Ambulatoriais do SUS. },
    organization={DATASUS},
    address={Brasília,DF},
    year={2019},
    url={http://datasus.saude.gov.br/sistemas-e-aplicativos/ambulatoriais/sia},
    urlaccessdate={20 out. 2020},
}

%% REFERÊNCIA UTILIZADA %%
@book{deitel,
	title={Java: Como Programar},
	author={Paul Deitel and Harvey Deitel},
	address={São Paulo},
	publisher={Pearson Prentice Hall},
	pages={6},
	year={2010},
	edition={8ª},
}

%% REFERÊNCIA UTILIZADA %%
@book{garcia,
	title={Gestão Pública em Saúde: sistemas de informação de apoio à gestão em saúde},
	author={Paola Trindade Garcia and Regimarina Soares Reis},
	address={São Luís},
	publisher={UFMA/UNA-SUS},
	url={https://ares.unasus.gov.br/acervo/bitstream/ARES/7370/1/GP2U3.pdf},
	urlaccessdate={10 out. 2020},
	year={2016},
	edition={1ª},
}

%% REFERÊNCIA UTILIZADA %%
@mastersthesis{martins,
    title={Composição Dinâmica de Web Services},
    author={Rogério Samuel de Moura Martins},
    year={2007},
    address={São Leopoldo},
    school={Universidade do Vale do Rio dos Sinos},
    url={http://www.repositorio.jesuita.org.br/bitstream/handle/UNISINOS/2251/composicao/20dinamica.pdf?sequence=1&isAllowed=y},
    urlaccessdate={05 nov. 2020},
}

%% REFERÊNCIA UTILIZADA %%
@manual{portaria2048/2002,
    title={PORTARIA Nº 2048 - de 05 de novembro de 2002},
    organization={Ministério da Saúde},
    year={2002},
    address={Brasília,DF},
    url={https://bvsms.saude.gov.br/bvs/saudelegis/gm/2002/prt2048_05_11_2002.html},
    urlaccessdate={20 out. 2020},
}

%% REFERÊNCIA UTILIZADA %%
@article{neves,
	title={Produção e registro de informações em saúde no Brasil: panorama descritivo através do PMAQ-AB},
	author={Teresa Cristina de Carvalho Lima Neves and  Luiz Albérico Araújo Montenegro and Sonia Duarte de
    Azevedo Bittencourt},
	journal={Saúde Debate},
	month={out-dez},
	year={2014},
    pages={756--770},
    number={103},
    volume={38},
    url={https://www.scielo.br/pdf/sdeb/v38n103/0103-1104-sdeb-38-103-0756.pdf},
    urlaccessdate={19 nov. 2020}
}

%% REFERÊNCIA UTILIZADA %%
@book{schwaber2002agile,
  title={Agile Software Development with Scrum},
  author={Schwaber, K. and Beedle, M.},
  isbn={9780130676344},
  lccn={2001052400},
  series={Agile Software Development},
  year={2002},
  publisher={Prentice Hall}
}

%% REFERÊNCIA UTILIZADA %%
@book{uml,
author = {Silva, Alberto and Videira, Carlos},
year = {2001},
edition={1ª},
month = {03},
title = {UML, Metodologias e Ferramentas CASE},
publisher={Centro Atlântico},
address={Lisboa, Portugal},
}

%% REFERÊNCIA UTILIZADA %%
@article{souza,
	title={Ciclo de vida de Sistemas ERP},
	author={Cesar Alexandre de Souza and Ronaldo Zwicker},
	journal={Caderno de pesquisas em administração},
	month={jan-mar},
	year={2000},
    pages={46--57},
    number={11},
    volume={1},
    url={http://www.valdick.com/files/ERP_artigo3.pdf},
    urlaccessdate={22 nov. 2020},
}

%% REFERÊNCIA UTILIZADA %%
@mastersthesis{tamae,
    title={SISPRODIMEX - Sistema de Processamento Distribuído de Imagens Médicas com XML},
    author={Rodrigo Yoshio Tamae},
    year={2005},
    address={Marília},
    school={Fundação de Ensino Eurípedes Soares da Rocha},
    url={http://livros01.livrosgratis.com.br/cp005630.pdf},
    urlaccessdate={05 nov. 2020},
}

%% REFERÊNCIA UTILIZADA %%
@article{tanji2004importancia,
  title={A import{\^a}ncia do registro no prontu{\'a}rio do paciente},
  author={TANJI, Suzelaine and Damher, Mauri and Oliveira, Sandra Regina and Silva, Carmem Maria},
  journal={Enferm Atual},
  volume={24},
  number={4},
  pages={16--20},
  year={2004}
}

%% REFERÊNCIA UTILIZADA %%
@article{abrahamsson,
    author = {Abrahamsson, Pekka and others},
    year = {2002},
    month = {01},
    pages = {3-107},
    title = {Agile Software Development Methods: Review and Analysis},
    journal = {Proc. Espoo 2002},
    url={https://www.researchgate.net/profile/Pekka_Abrahamsson/publication/292542090_Agile_Software_Development_Methods_Review_and_Analysis/links/59ca1720aca272bb0507534c/Agile-Software-Development-Methods-Review-and-Analysis.pdf},
    urlaccessdate={10 nov. 2020},
}

%% REFERÊNCIA UTILIZADA %%
@article{nunes,
    author = {Ariadne C. L. F. Nunes and Carina F. Alves and Rosa C. Pinto},
    year = {2012},
    title = {“Modelagem de Processos no Apoio à Aderência de Implantação de ERP Hospitalar},
}

%% REFERÊNCIA UTILIZADA %%
@book{claro,
	title={Programação em Java},
	author={Daniela Barreiro Claro and João Bosco Mangueira Sobral},
	address={Florianópolis,SC},
	publisher={Copyleft Pearson Education},
	year={2008},
}

%% REFERÊNCIA UTILIZADA %%
@book{barnesKolling,
	title={Programação Orientada a Objetos com Java},
	author={David J. Barnes and Michael Kolling},
	address={São Paulo},
	publisher={Pearson Brasil},
	year={2004},
}

%% REFERÊNCIA UTILIZADA %%
@book{weissmann,
	title={Vire o jogo com Spring Framework},
	author={Henrique Lobo Weissmann},
	address={São Paulo},
	publisher={Casa do Código},
	year={2012},
}

%% REFERÊNCIA UTILIZADA %%
@book{afonso,
	title={Produtividade no Desenvolvimento de Aplicações Web com Spring Boot},
	author={Alexandre Afonso},
	address={São Paulo},
	publisher={Algaworks},
	edition={3ª},
	year={2017},
	url={https://s3.amazonaws.com/algaworks-assets/ebooks/algaworks-livro-spring-boot-v3.0.pdf},
	urlaccessdate={20 nov. 2020},
}

%% REFERÊNCIA UTILIZADA %%
@book{andrade,
	title={JPA e Hibernate},
	author={Thiago Faria de Andrade and Normandes José Moreira Junior},
	address={São Paulo},
	publisher={Algaworks},
	year={2015},
	url={http://s3.amazonaws.com/algaworks-assets/ebooks/algaworks-ebook-jpa-e-hibernate-1a-edicao-20150731.pdf},
	urlaccessdate={30 nov. 2020},
}

%% REFERÊNCIA UTILIZADA %%
@book{gutierrez,
	title={Introducing Spring Framework:: A Prime},
	author={Felipe Gutierrez},
	address={Berkley,CA},
	publisher={Apress},
	year={2014},
}

%% REFERÊNCIA UTILIZADA %%
@book{sebesta,
	title={Conceitos de Linguagens de Programação},
	author={Robert W. Sebesta},
	address={Porto Alegre},
	edition={11ª},
	publisher={Bookman},
	year={2018},
}

%% REFERÊNCIA UTILIZADA %%
@book{SOMMERVILE,
	title={Engenharia de Software},
	author={Ian Sommervile},
	address={São Paulo},
	edition={9ª},
	publisher={Pearson Prentice Hall},
	year={2011},
}

%% REFERÊNCIA UTILIZADA %%
@book{gamma2009padroes,
  title={Padr{\~o}es de Projetos: Solu{\c{c}}{\~o}es Reutiliz{\'a}veis},
  author={Gamma, Erich},
  year={2009},
  publisher={Bookman editora}
}

%% Referência utilizada %%
@book{coulouris2013sistemas,
  title={Sistemas Distribu{\'\i}dos - 5ed: Conceitos e Projeto},
  author={Coulouris, G. and Dollimore, J. and Kindberg, T. and Blair, G.},
  isbn={9788582600542},
  url={https://books.google.com.br/books?id=6WU3AgAAQBAJ},
  year={2013},
  publisher={Bookman Editora}
}

%% REFERÊNCIA UTILIZADA %%
@misc{pressman2011engenharia,
  title={Engenharia de Software. 7{\textordfeminine} edi{\c{c}}{\~a}o ed},
  author={PRESSMAN, RS},
  year={2011},
  publisher={Nova York, USA: Mc Graw Hill}
}







